<?xml version="1.0" encoding="UTF-8" ?>
<collection xmlns:xsi="http://www.w3.org/2001/XMLSchema-instance"
    xsi:schemaLocation="http://www.loc.gov/MARC21/slim
        http://www.loc.gov/standards/marcxml/schema/MARC21slim.xsd"
    xmlns="http://www.loc.gov/MARC21/slim">
<record>
  <leader>00267cam a2200517 ia4500</leader>
  <controlfield tag="001">b12444777</controlfield>
  <controlfield tag="003">LeBAU</controlfield>
  <controlfield tag="005">20170117</controlfield>
  <controlfield tag="008">970513m19101911ua            000 0 ara d</controlfield>
  <datafield tag="035" ind1=" " ind2=" ">
    <subfield code="a">ocn784320960</subfield>
  </datafield>
  <datafield tag="040" ind1=" " ind2=" ">
    <subfield code="a">LEAUB</subfield>
    <subfield code="b">ara</subfield>
    <subfield code="e">rda</subfield>
    <subfield code="c">LEAUB</subfield>
    <subfield code="d">LEAUB</subfield>
  </datafield>
  <datafield tag="082" ind1="0" ind2="4">
    <subfield code="a">349.297</subfield>
    <subfield code="2">20</subfield>
  </datafield>
  <datafield tag="100" ind1="1" ind2=" ">
    <subfield code="6">880-01</subfield>
    <subfield code="a">Ḥaṭṭāb, Muḥammad ibn Muḥammad,</subfield>
    <subfield code="d">1497-1547,</subfield>
    <subfield code="e">author.</subfield>
  </datafield>
  <datafield tag="245" ind1="1" ind2="0">
    <subfield code="6">880-02</subfield>
    <subfield code="a">Kitāb Mawāhib al-jalīl li-sharḥ Mukhtaṣar Abī Ḍīyā’ Sayyidī Khalīl /</subfield>
    <subfield code="c">ta’līf Imām al-Mālikīyah fī ‘aṣrih dhī al-akhlāq al-ṣiddīqah wa-al-anfās al-‘alīyah Abī ʻAbd Allāh Muḥammad ibn Muḥammad ibn ʻAbd al-Raḥmān al-Maghribī al-aṣl al-Makkī al-mawlid al-ra‘īnī al-maʻrūf bi-al-Ḥattāb al-mawlūd fī laylat al-Aḥad thānī ‘ashar Ramaḍān sanat 902, al-mutawaffá thānī Rabī‘ al-Thānī sanat 954. Wa-bi-hāmishihi al-Tāj wa-al-iklīl li-Mukhtaṣar Khalīl / ayḍan li-‘alam al-a‘lām wa-qudwat al-anām Abī ‘Abd Allāh Sayyidī Muḥammad ibn Yūsuf ibn Abī al-Qāsim al-‘Abdarī al-shahīr bi-al-Mawwāq, al-mutawaffá fī Rajab sanat 897 H.</subfield>
  </datafield>
  <datafield tag="246" ind1="3" ind2="0">
    <subfield code="6">880-03</subfield>
    <subfield code="a">Mawāhib al-jalīl li-sharḥ Mukhtaṣar Abī Ḍīyā’ Sayyidī Khalīl</subfield>
  </datafield>
  <datafield tag="250" ind1=" " ind2=" ">
    <subfield code="6">880-04</subfield>
    <subfield code="a">al-Ṭab‘ah al-ūlá.</subfield>
  </datafield>
  <datafield tag="264" ind1=" " ind2="1">
    <subfield code="6">880-05</subfield>
    <subfield code="a">Miṣr :</subfield>
    <subfield code="b">Maṭbaʻat al-Saʻādah,</subfield>
    <subfield code="c">1328-1329 H., [1910-1911? M.]</subfield>
  </datafield>
  <datafield tag="300" ind1=" " ind2=" ">
    <subfield code="6">880-06</subfield>
    <subfield code="a">6 volumes ;</subfield>
    <subfield code="c">28 cm</subfield>
  </datafield>
  <datafield tag="336" ind1=" " ind2=" ">
    <subfield code="a">text</subfield>
    <subfield code="b">txt</subfield>
    <subfield code="2">rdacontent</subfield>
  </datafield>
  <datafield tag="337" ind1=" " ind2=" ">
    <subfield code="a">unmediated</subfield>
    <subfield code="b">n</subfield>
    <subfield code="2">rdamedia</subfield>
  </datafield>
  <datafield tag="338" ind1=" " ind2=" ">
    <subfield code="a">volume</subfield>
    <subfield code="b">nc</subfield>
    <subfield code="2">rdacarrier</subfield>
  </datafield>
  <datafield tag="500" ind1=" " ind2=" ">
    <subfield code="a">"طبع هذا الكتاب على نفقة سلطان المغرب الأقصى جلالة أمير المؤمنين وحامي حوزة الدين فرع الشجرة النبوية وخلاصة السلالة الطاهرة العلوية سيدنا ومولانا ابن السلطان مولاي الحسن ابن السلطان سيدي محمد خلد الله ملكه؛ بتوكيل الحاج محمد بن العباس بن شقرون خديم المقام العالي بالله الآن بثغر طنجه ووكيل دولة المغرب الأقصى سابقا بمصر على يد نجله الحاج عبد السلام بن شقرون."</subfield>
  </datafield>
  <datafield tag="600" ind1="0" ind2="4">
    <subfield code="a">خليل بن اسحاق الجندي،</subfield>
    <subfield code="d">-1365؟</subfield>
    <subfield code="x">المختصر.</subfield>
  </datafield>
  <datafield tag="600" ind1="0" ind2="0">
    <subfield code="a">Khalīl ibn Isḥāq al-Jundī,</subfield>
    <subfield code="d">-1365?</subfield>
    <subfield code="t">Mukhtaṣar.</subfield>
  </datafield>
  <datafield tag="650" ind1=" " ind2="4">
    <subfield code="a">الفقه الاسلامي</subfield>
    <subfield code="v">اعمال قديمة حتى 1800.</subfield>
  </datafield>
  <datafield tag="650" ind1=" " ind2="4">
    <subfield code="a">المذهب المالكي</subfield>
    <subfield code="v">اعمال قديمة حتى 1800.</subfield>
  </datafield>
  <datafield tag="650" ind1=" " ind2="0">
    <subfield code="a">Islamic law</subfield>
    <subfield code="v">Early works to 1800.</subfield>
  </datafield>
  <datafield tag="650" ind1=" " ind2="0">
    <subfield code="a">Malikites</subfield>
    <subfield code="v">Early works to 1800.</subfield>
  </datafield>
  <datafield tag="700" ind1="1" ind2="2">
    <subfield code="6">880-07</subfield>
    <subfield code="a">Mawwāq, Muḥammad ibn Yūsuf,</subfield>
    <subfield code="d">-1491 or 1492.</subfield>
    <subfield code="t">Tāj wa-al-Iklīl.</subfield>
  </datafield>
  <datafield tag="852" ind1=" " ind2=" ">
    <subfield code="a">Jafet Library</subfield>
    <subfield code="e">American University of Beirut, Bliss Street , Beirut, Lebanon.</subfield>
  </datafield>
  <datafield tag="880" ind1="1" ind2=" ">
    <subfield code="6">100-01/(3/r</subfield>
    <subfield code="a">الحطاب، الله محمد بن محمد،</subfield>
    <subfield code="d">1497-1547،</subfield>
    <subfield code="e">مؤلف. </subfield>
    <subfield code="4">aut.</subfield>
  </datafield>
  <datafield tag="880" ind1="1" ind2="0">
    <subfield code="6">245-02/(3/r</subfield>
    <subfield code="a">كتاب مواهب الجليل لشرح مختصر أبي ضياء سيدي خليل /</subfield>
    <subfield code="c">تأليف إمام المالكية في عصره ذي الأخلاق الصديقية والأنفاس العلية أبي عبد الله محمد بن محمد بن عبد الرحمن المغربي الأصل المكي المولد الرعيني المعروف بالحطاب المولود في ليلة الأحد ثاني عشر رمضان سنة 902، المتوفى ثاني ربيع الثاني سنة 954. وبهامشه التاج و الإكليل لمختصر خليل / أيضاً لعلم الأعلام وقدوة الأنام أبي عبد الله سيدي محمد بن يوسف بن أبي القاسم العبدري الشهير بالمواق، المتوفى في رجب سنة 897 هـ.</subfield>
  </datafield>
  <datafield tag="880" ind1="3" ind2="0">
    <subfield code="6">246-03/(3/r</subfield>
    <subfield code="a">مواهب الجليل لشرح مختصر أبي ضياء سيدي خليل</subfield>
  </datafield>
  <datafield tag="880" ind1=" " ind2=" ">
    <subfield code="6">250-04/(3/r</subfield>
    <subfield code="a">الطبعة الأولى.</subfield>
  </datafield>
  <datafield tag="880" ind1=" " ind2="1">
    <subfield code="6">264-05/(3/r</subfield>
    <subfield code="a">مصر :</subfield>
    <subfield code="b">مطبعة السعادة،</subfield>
    <subfield code="c">1328-1329 هـ.، [1910-1911؟ م.]</subfield>
  </datafield>
  <datafield tag="880" ind1=" " ind2=" ">
    <subfield code="6">300-06/(3/r</subfield>
    <subfield code="a">6 أجزاء ؛</subfield>
    <subfield code="c">28 سم</subfield>
  </datafield>
  <datafield tag="880" ind1="1" ind2="2">
    <subfield code="6">700-07/(3/r</subfield>
    <subfield code="a">المواق، محمد بن يوسف،</subfield>
    <subfield code="d">-1491 او 1492.</subfield>
    <subfield code="t">التاج والإكليل.</subfield>
  </datafield>
  <datafield tag="907" ind1=" " ind2=" ">
    <subfield code="a">.b12444777</subfield>
    <subfield code="b">17-01-20</subfield>
    <subfield code="c">11-05-24</subfield>
  </datafield>
  <datafield tag="907" ind1=" " ind2=" ">
    <subfield code="a">.b12444777</subfield>
    <subfield code="b">11-10-11</subfield>
    <subfield code="c">11-05-24</subfield>
  </datafield>
  <datafield tag="945" ind1=" " ind2=" ">
    <subfield code="f">J</subfield>
    <subfield code="a">349.297:H36mA:v.1</subfield>
    <subfield code="i">00511234</subfield>
    <subfield code="j">.i12921142</subfield>
    <subfield code="l">u0503</subfield>
  </datafield>
  <datafield tag="945" ind1=" " ind2=" ">
    <subfield code="f">J</subfield>
    <subfield code="a">349.297:H36mA:v.2</subfield>
    <subfield code="i">01020053</subfield>
    <subfield code="j">.i12921154</subfield>
    <subfield code="l">u0503</subfield>
  </datafield>
  <datafield tag="945" ind1=" " ind2=" ">
    <subfield code="f">J</subfield>
    <subfield code="a">349.297:H36mA:v.3</subfield>
    <subfield code="i">01020054</subfield>
    <subfield code="j">.i12921166</subfield>
    <subfield code="l">u0503</subfield>
  </datafield>
  <datafield tag="945" ind1=" " ind2=" ">
    <subfield code="f">J</subfield>
    <subfield code="a">349.297:H36mA:v.4</subfield>
    <subfield code="i">01020059</subfield>
    <subfield code="j">.i12921178</subfield>
    <subfield code="l">u0503</subfield>
  </datafield>
  <datafield tag="945" ind1=" " ind2=" ">
    <subfield code="f">J</subfield>
    <subfield code="a">349.297:H36mA:v.5</subfield>
    <subfield code="i">01020060</subfield>
    <subfield code="j">.i1292118x</subfield>
    <subfield code="l">u0503</subfield>
  </datafield>
  <datafield tag="945" ind1=" " ind2=" ">
    <subfield code="f">J</subfield>
    <subfield code="a">349.297:H36mA:v.6</subfield>
    <subfield code="i">01020061</subfield>
    <subfield code="j">.i12921191</subfield>
    <subfield code="l">u0503</subfield>
  </datafield>
  <datafield tag="998" ind1=" " ind2=" ">
    <subfield code="a">u05</subfield>
    <subfield code="b">97-05-13</subfield>
    <subfield code="c">m</subfield>
    <subfield code="d">a</subfield>
    <subfield code="e">-</subfield>
    <subfield code="f">ara</subfield>
    <subfield code="g">ua </subfield>
    <subfield code="h">0</subfield>
    <subfield code="i">6</subfield>
  </datafield>
</record>
</collection>
